<record><leader>01355cam a2200373 a 4500</leader><controlfield tag="001">1393373</controlfield><controlfield tag="008">910808s1985    nyua              0 eng d</controlfield><datafield ind1=" " ind2=" " tag="010"><subfield code="a">   85005187</subfield></datafield><datafield ind1=" " ind2=" " tag="010"><subfield code="a">   85005187</subfield></datafield><datafield ind1=" " ind2=" " tag="010"><subfield code="a">   85005187</subfield></datafield><datafield ind1=" " ind2=" " tag="020"><subfield code="a">007016827X (pbk.)</subfield></datafield><datafield ind1=" " ind2=" " tag="035"><subfield code="a">ocm11785590</subfield></datafield><datafield ind1=" " ind2=" " tag="040"><subfield code="a">DLC</subfield><subfield code="b">eng</subfield><subfield code="c">DLC</subfield></datafield><datafield ind1=" " ind2=" " tag="049"><subfield code="a">ACAL</subfield></datafield><datafield ind1=" " ind2=" " tag="049"><subfield code="a">AEU</subfield><subfield code="b">eng</subfield></datafield><datafield ind1="0" ind2="0" tag="050"><subfield code="a">T58.6</subfield><subfield code="b">.D46 1985</subfield></datafield><datafield ind1="0" ind2=" " tag="082"><subfield code="a">658.4/0388</subfield><subfield code="2">19</subfield></datafield><datafield ind1=" " ind2=" " tag="090"><subfield code="a">T 58.6 D46 1985</subfield><subfield code="b">ACHCU</subfield></datafield><datafield ind1=" " ind2=" " tag="090"><subfield code="a">T 58.6 D46 1985</subfield><subfield code="b">ACAL</subfield></datafield><datafield ind1="0" ind2=" " tag="090"><subfield code="a">T 58.6 D554 1985</subfield></datafield><datafield ind1="1" ind2=" " tag="100"><subfield code="a">Dickson, Gary W.</subfield></datafield><datafield ind1="1" ind2="0" tag="245"><subfield code="a">Management of information systems casebook /</subfield><subfield code="c">Gary W. Dickson, James C. Wetherbe.</subfield></datafield><datafield ind1=" " ind2=" " tag="260"><subfield code="a">New York :</subfield><subfield code="b">McGraw-Hill,</subfield><subfield code="c">c1985.</subfield></datafield><datafield ind1=" " ind2=" " tag="300"><subfield code="a">ix, 205 p. :</subfield><subfield code="b">ill. ;</subfield><subfield code="c">24 cm.</subfield></datafield><datafield ind1=" " ind2=" " tag="336"><subfield code="a">text</subfield><subfield code="b">txt</subfield><subfield code="2">rdacontent</subfield></datafield><datafield ind1=" " ind2=" " tag="337"><subfield code="a">unmediated</subfield><subfield code="b">n</subfield><subfield code="2">rdamedia</subfield></datafield><datafield ind1=" " ind2=" " tag="338"><subfield code="a">volume</subfield><subfield code="b">nc</subfield><subfield code="2">rdacarrier</subfield></datafield><datafield ind1="1" ind2=" " tag="490"><subfield code="a">McGraw-Hill series in management information systems.</subfield></datafield><datafield ind1=" " ind2=" " tag="596"><subfield code="a">38</subfield></datafield><datafield ind1=" " ind2="0" tag="650"><subfield code="a">Management information systems</subfield><subfield code="x">Management</subfield><subfield code="v">Case studies.</subfield></datafield><datafield ind1="1" ind2=" " tag="700"><subfield code="a">Wetherbe, James C.</subfield></datafield><datafield ind1=" " ind2="0" tag="830"><subfield code="a">McGraw-Hill series in management information systems.</subfield></datafield><datafield ind1=" " ind2=" " tag="926"><subfield code="a">T 58.6 D46 1985</subfield><subfield code="w">LC</subfield><subfield code="c">1</subfield><subfield code="i">11910000358413</subfield><subfield code="l">ON_SHELF</subfield><subfield code="m">UABARD</subfield><subfield code="r">Y</subfield><subfield code="s">Y</subfield><subfield code="t">BOOK</subfield><subfield code="u">10/26/1994</subfield><subfield code="o">.STAFF. A0052577</subfield></datafield><datafield ind1=" " ind2=" " tag="926"><subfield code="a">T 58.6 D554 1985</subfield><subfield code="w">LC</subfield><subfield code="c">1</subfield><subfield code="i">000037416864</subfield><subfield code="d">3/3/1999</subfield><subfield code="l">ON_SHELF</subfield><subfield code="m">UABARD</subfield><subfield code="n">2</subfield><subfield code="p">$150.00</subfield><subfield code="r">Y</subfield><subfield code="s">Y</subfield><subfield code="t">BOOK</subfield><subfield code="u">8/27/1991</subfield><subfield code="o">.STAFF. A0054342</subfield></datafield></record>